% Put you own bibliography entries in this file
@article{Brehmer_2018,
   title={Better Higgs-CP
 tests through information geometry},
   volume={97},
   ISSN={2470-0029},
   url={http://dx.doi.org/10.1103/PhysRevD.97.095017},
   DOI={10.1103/physrevd.97.095017},
   number={9},
   journal={Physical Review D},
   publisher={American Physical Society (APS)},
   author={Brehmer, Johann and Kling, Felix and Plehn, Tilman and Tait, Tim M. P.},
   year={2018},
   month={May}
}

@article{HAWK_2015,
   title={HAWK  2.0: A Monte Carlo program for Higgs production in vector-boson fusion and Higgs strahlung at hadron colliders},
   volume={195},
   ISSN={0010-4655},
   url={http://dx.doi.org/10.1016/j.cpc.2015.04.021},
   DOI={10.1016/j.cpc.2015.04.021},
   journal={Computer Physics Communications},
   publisher={Elsevier BV},
   author={Denner, Ansgar and Dittmaier, Stefan and Kallweit, Stefan and Mück, Alexander},
   year={2015},
   month={Oct},
   pages={161–171}
}

@techreport{ATLAS-CONF-2020-026,
      title         = "{Measurement of the properties of Higgs boson production
                       at $\sqrt{s}$=13 TeV in the $H\to \gamma\gamma$ channel
                       using 139 fb$^{−1}$ of $pp$ collision data with the ATLAS
                       experiment}",
      institution   = "CERN",
      collaboration = "ATLAS Collaboration",
      address       = "Geneva",
      reportNumber  = "ATLAS-CONF-2020-026",
      month         = "Aug",
      year          = "2020",
      url           = "https://cds.cern.ch/record/2725727",
      note          = "All figures including auxiliary figures are available at
                       https://atlas.web.cern.ch/Atlas/GROUPS/PHYSICS/CONFNOTES/ATLAS-CONF-2020-026",
}

@techreport{ATL-COM-PHYS-2012-592,
      author        = "Carminati, L and Delmastro, M and Kataoka, M and Kuna, M
                       and Lafaye, R and Laplace, S and Leveque, J and Liu, K and
                       Marchiori, G and Nikolic, I and Ocariz, J and Roos, L and
                       Schaarschmidt, J and Schwoerer, M and Yuan, L",
      title         = "{Measurement of the isolated di-photon cross section in
                       4.9 fb-1 of pp collisions at sqrt(s) = 7 TeV with the ATLAS
                       detector}",
      institution   = "CERN",
      address       = "Geneva",
      number        = "ATL-COM-PHYS-2012-592",
      month         = "May",
      year          = "2012",
      reportNumber  = "ATL-COM-PHYS-2012-592",
      url           = "https://cds.cern.ch/record/1450063",
}

@article{Hyneman:2712576,
      author        = "Hyneman, Rachel Jordan",
      title         = "{Measuring Higgs Boson Couplings, including to the Top
                       Quark, in the Diphoton Decay Channel with Run 2 Data
                       Collected by the ATLAS Detector}",
      month         = "Feb",
      year          = "2020",
      reportNumber  = "CERN-THESIS-2020-013",
      url           = "https://cds.cern.ch/record/2712576",
      note          = "Presented 04 Feb 2020",
}


@misc{ebden2015gaussian,
    title={Gaussian Processes: A Quick Introduction},
    author={Mark Ebden},
    year={2015},
    eprint={1505.02965},
    archivePrefix={arXiv},
    primaryClass={math.ST}
}


@book{3569,
  title = {Gaussian Processes for Machine Learning},
  author = {Rasmussen, CE. and Williams, CKI.},
  pages = {248},
  series = {Adaptive Computation and Machine Learning},
  publisher = {MIT Press},
  organization = {Max-Planck-Gesellschaft},
  school = {Biologische Kybernetik},
  address = {Cambridge, MA, USA},
  month = jan,
  year = {2006},
  month_numeric = {1}
}

@article{Gibbs,
  title = {Bayesian Gaussian Processes for Regression and Classification},
  author = {Gibss, M.N.},
  publisher = {Ph.D. thesis, University of Cambridge},
  year = {1997},

}

@techreport{Hasib:2238687,
      author        = "Hasib, Ahmed and Lacey, James and Becot, Cyril and Berger,
                       Nicolas and Cerda Alberich, Leonor and Cerutti, Fabio and
                       Cinca, Diane and Clark, Philip James and Delmastro, Marco
                       and Fletcher, Rob Roy MacGregor and Dickinson, Jennet and
                       Erdmann, Johannes and Escalier, Marc and Fang, Yaquan and
                       Fayard, Louis and Gillberg, Dag and Goudet, Christophe
                       Raymond and Guan, Wen and Hinchliffe, Ian and Huang,
                       Yanping and Kroeninger, Kevin and Lenzi, Bruno and Li, Shu
                       and Lou, XinChou and Marchiori, Giovanni and Meyer,
                       Christopher and Martin, Victoria Jane and Mijovi{c}, Liza
                       and Nitsche, Isabel and Peng, Cong and Qian, Jianming and
                       Jin, Shan and Shapiro, Marjorie and Shimmin, Chase Owen and
                       Silva Jr., Manuel and Tackmann, Kerstin and Taylor, Alan
                       James and Tipton, Paul and Turra, Ruggero and Vasquez,
                       Jared Gregory and Wang, Haichen and Yang, Haijun and Wang,
                       Jin and Wang, Zirui and Wu, Sau Lan and Yang, Hongtao and
                       Zhang, Huijun and Zhang, Yu and Brendlinger, Kurt and
                       Manzoni, Stefano and Unal, Guillaume and Schwarz, Thomas
                       Andrew and Falke, Saskia and Guillemin, Thibault and
                       Carminati, Leonardo and Guerguichon, Antinea and Zhou, Chen
                       and Ran, Kunlin",
      title         = "{Supporting document : Probing Higgs production modes and
                       couplings with the H(gamma gamma) channel with the Run 2
                       of LHC in the ATLAS experiment}",
      institution   = "CERN",
      address       = "Geneva",
      number        = "ATL-COM-PHYS-2016-1784",
      month         = "Dec",
      year          = "2016",
      reportNumber  = "ATL-COM-PHYS-2016-1784",
      url           = "https://cds.cern.ch/record/2238687",
}


@techreport{Andari:2655306,
      author        = "Andari, Nansi and Mitrevski, Jovan and Brendlinger, Kurt
                       and Sommer, Philip and Ducu, Otilia Anamaria",
      title         = "{Electron and photon performance measurements with the
                       ATLAS detector using the 2015-2017 LHC proton-proton
                       collision data}",
      institution   = "CERN",
      address       = "Geneva",
      number        = "ATL-COM-PHYS-2019-043",
      month         = "Jan",
      year          = "2019",
      reportNumber  = "ATL-COM-PHYS-2019-043",
      url           = "https://cds.cern.ch/record/2655306",
}

@article{Cacciari:2005hq,
      author         = "Cacciari, Matteo and Salam, Gavin P.",
      title          = "{Dispelling the $N^{3}$ myth for the $k_t$ jet-finder}",
      journal        = "Phys. Lett. B",
      volume         = "641",
      year           = "2006",
      pages          = "57-61",
      doi            = "10.1016/j.physletb.2006.08.037",
      eprint         = "hep-ph/0512210",
      archivePrefix  = "arXiv",
      primaryClass   = "hep-ph",
      reportNumber   = "LPTHE-05-32",
      SLACcitation   = "%%CITATION = HEP-PH/0512210;%%"
}


@techreport{Anastopoulos:2652163,
      author        = "Anastopoulos, Christos and Arguin, Jean-Francois and
                       Becot, Cyril and Dartsi, Olympia and Di Ciaccio, Lucia and
                       Fell, Alexandra and Flores, Lucas Macrorie and Godin,
                       Dominique and Heim, Sarah and Kroll, Joe and Liu, Yanwen
                       and Lohwasser, Kristin and Mochizuki, Kazuya and Monnier,
                       Emmanuel and Muskinja, Miha and Petridis, Andreas and
                       Podberezko, Pavel and Powell, Thomas Dennis and Pralavorio,
                       Pascal and Reichert, Joseph and Ruettinger, Elias Michael
                       and Sharma, Abhishek and Sommer, Philip and Tarna, Grigore
                       and Thais, Savannah Jennifer and Thomson, Evelyn and
                       Trofymov, Artur and Xu, Hanlin",
      title         = "{Electron identification and efficiency measurements in
                       2017 data}",
      institution   = "CERN",
      address       = "Geneva",
      number        = "ATL-COM-PHYS-2018-1727",
      month         = "Jan",
      year          = "2019",
      reportNumber  = "ATL-COM-PHYS-2018-1727",
      url           = "https://cds.cern.ch/record/2652163",
}


@techreport{Klein:2665708,
      author        = "Klein, Matthew Henry and Zambito, Stefano and Sforza,
                       Federico and Zgubic, Miha and Artoni, Giacomo and Wei,
                       Yingjie and Akatsuka, Shunichi and Chen, Shion",
      title         = "{Muon Isolation Studies on Full Run 2 Dataset}",
      institution   = "CERN",
      address       = "Geneva",
      number        = "ATL-COM-PHYS-2019-177",
      month         = "Mar",
      year          = "2019",
      reportNumber  = "ATL-COM-PHYS-2019-177",
      url           = "https://cds.cern.ch/record/2665708",
}

@techreport{Adams:1700874,
      author        = "Adams, D and Anastopoulos, C and Andreazza, A and Aoki, M
                       and Asquith, L and Begel, M and Bernlochner, F and
                       Blumenschein, U and Bocci, A and Cheatham, S and Davey, W
                       and Delsart, P-A and DeViveiros, P-O and Dewhurst, A and
                       Duschinger, D and Filthaut, F and Francavilla, P and
                       Garberson, F and Head, S and Henrichs, A and Hoecker, A and
                       Kagan, M and Kersevan, B and Khoo, TJ and Lenzi, B and
                       Lopez Mateos, D and Malaescu, B and Marshall, Z and Martin,
                       T and Meyer, C and Morley, A and Murray, W and zur Nedden,
                       M and Nicolaidou, R and Pagan Griso, S and Pasztor, G and
                       Petroff, P and Pizio, C and Polifka, R and Poveda, X and
                       Reece, R and Ruehr, F and Salvatore, F and Sandstroem, R
                       and Scanlon, T and Scheirich, D and Schramm, S and
                       Schwartzman, A and Suruliz, K and Sutton, M and Thompson, E
                       and Tripiana, M and Tuna, A and Viel, S and Vincter, M and
                       Vivarelli, I and Wielers, M and Wildauer, A and Zinonos, Z",
      title         = "{Recommendations of the Physics Objects and Analysis
                       Harmonisation Study Groups 2014}",
      institution   = "CERN",
      address       = "Geneva",
      number        = "ATL-COM-PHYS-2014-451",
      month         = "May",
      year          = "2014",
      reportNumber  = "ATL-COM-PHYS-2014-451",
      url           = "https://cds.cern.ch/record/1700874",
}


